@article { hoge09,
    author  = "郡山 隼人",
    yomi    = "こおりやま はやと",
    title   = "近接関係に基づく情報取得システム",
    journal = "ほげほげ学会論文誌",
    volume  = "31",
    number  = "3",
    pages   = "194-201",
    year    = "2014",
}
@misc { firechat,
    author       = "OpenGarden",
    title        = "FireChat",
    howpublished = "https://opengarden.com/firechat",
}
@article{ 藤田大樹:2013-03-06,
    author="藤田大樹, and 高井昌彰,",
    title="スマートフォンを用いたライブ情報共有のためのすれちがい通信システム",
    journal="全国大会講演論文集",
    ISSN="",
    publisher="一般社団法人情報処理学会",
    year="2013",
    month="mar",
    volume="2013",
    number="1",
    pages="259-261",
    URL="http://ci.nii.ac.jp/naid/110009580687/",
    DOI="",
}
